<record><leader>00000cas a22000007a 4500</leader><controlfield tag="001">29134419</controlfield><controlfield tag="008">931020d18861889nyudr n       0    0eng d</controlfield><datafield ind1=" " ind2=" " tag="010"><subfield code="a">sn 93063955 </subfield></datafield><datafield ind1=" " ind2=" " tag="040"><subfield code="a">NYS</subfield><subfield code="b">eng</subfield><subfield code="c">NYS</subfield><subfield code="d">OCLCQ</subfield></datafield><datafield ind1=" " ind2=" " tag="042"><subfield code="a">msc</subfield></datafield><datafield ind1="0" ind2="4" tag="245"><subfield code="a">The Dunkirk observer-journal.</subfield></datafield><datafield ind1=" " ind2=" " tag="260"><subfield code="a">Dunkirk, N.Y. :</subfield><subfield code="b">Dunkirk Print. Co.</subfield></datafield><datafield ind1=" " ind2=" " tag="300"><subfield code="a">v.</subfield></datafield><datafield ind1=" " ind2=" " tag="310"><subfield code="a">Daily (except Sunday)</subfield></datafield><datafield ind1="0" ind2=" " tag="362"><subfield code="a">Obs. vol. 12, no. 6 (July 13, 1886)-v. 19, no. 103 (Dec. 7, 1889) = Journal v. 37, no. 10-v. 40, no. 30.</subfield></datafield><datafield ind1=" " ind2="4" tag="651"><subfield code="a">Dunkirk (N.Y.)</subfield><subfield code="v">Newspapers.</subfield></datafield><datafield ind1=" " ind2=" " tag="752"><subfield code="a">United States</subfield><subfield code="b">New York</subfield><subfield code="c">Chautauqua</subfield><subfield code="d">Dunkirk.</subfield></datafield><datafield ind1="0" ind2="0" tag="780"><subfield code="t">Lake shore observer</subfield><subfield code="w">(DLC)sn 93063936</subfield></datafield><datafield ind1="0" ind2="0" tag="785"><subfield code="t">Dunkirk evening observer (Dunkirk, N.Y. : 1889)</subfield><subfield code="w">(DLC)sn 93063775</subfield></datafield><datafield ind1="1" ind2=" " tag="029"><subfield code="a">AU@</subfield><subfield code="b">000025880697</subfield></datafield></record>